% ____EXAMPLES OF REFERENCE TYPES: Journals, books, webpages, chapters____

@article{cui2011quantitative,
  title={A quantitative comparison of NIRS and fMRI across multiple cognitive tasks},
  author={Cui, Xu and Bray, Signe and Bryant, Daniel M and Glover, Gary H and Reiss, Allan L},
  journal={Neuroimage},
  volume={54},
  number={4},
  pages={2808--2821},
  year={2011},
  publisher={Elsevier}
}

@article{gorgoso2014use,
  title={Use of Gumbel and Weibull functions to model extreme values of diameter distributions in forest stands},
  author={Gorgoso-Varela, J Javier and Rojo-Alboreca, Alberto},
  journal={Annals of forest science},
  volume={71},
  pages={741--750},
  year={2014},
  publisher={Springer}
}

@article{lu2006using,
  title={Using voxel-specific hemodynamic response function in EEG-fMRI data analysis},
  author={Lu, Yingli and Bagshaw, Andrew P and Grova, Christophe and Kobayashi, Eliane and Dubeau, Fran{\c{c}}ois and Gotman, Jean},
  journal={Neuroimage},
  volume={32},
  number={1},
  pages={238--247},
  year={2006},
  publisher={Elsevier}
}

@book{choi2012arma,
  title={ARMA model identification},
  author={Choi, ByoungSeon},
  year={2012},
  publisher={Springer Science \& Business Media}
}

@misc{openclipart, 
    url={http://www.openclipart.org/cgi-bin/navigate/recreation/sports}, 
    journal={openclipart}} 

@book{gelman2013bayesian,
  title={Bayesian data analysis},
  author={Gelman, Andrew and Carlin, John B and Stern, Hal S and Dunson, David B and Vehtari, Aki and Rubin, Donald B},
  year={2013},
  publisher={CRC press}
}

@article{rangaprakash2023confound,
  title={The confound of hemodynamic response function variability in human resting-state functional MRI studies},
  author={Rangaprakash, D and Barry, Robert L and Deshpande, Gopikrishna},
  journal={Frontiers in Neuroscience},
  volume={17},
  year={2023},
  publisher={Frontiers Media SA}
}

@article{moran2012social,
  title={Social-cognitive deficits in normal aging},
  author={Moran, Joseph M and Jolly, Eshin and Mitchell, Jason P},
  journal={Journal of neuroscience},
  volume={32},
  number={16},
  pages={5553--5561},
  year={2012},
  publisher={Soc Neuroscience}
}

@book{lazar2008statistical,
  title={The statistical analysis of functional MRI data},
  author={Lazar, Nicole},
  year={2008},
  publisher={Springer Science \& Business Media}
}

@article{amin2012brain,
  title={Brain activation during cognitive tasks: An overview of EEG and fMRI studies},
  author={Amin, Hafeez Ullah and Malik, Aamir Saeed and Badruddin, Nasreen and Chooi, Weng-Tink},
  booktitle={2012 IEEE-EMBS Conference on Biomedical Engineering and Sciences},
  pages={950--953},
  year={2012},
  journal={IEEE-Explore},
  organization={IEEE}
}

@article{marchini2004comparing,
  title={Comparing methods of analyzing fMRI statistical parametric maps},
  author={Marchini, Jonathan and Presanis, Anne},
  journal={Neuroimage},
  volume={22},
  number={3},
  pages={1203--1213},
  year={2004},
  publisher={Elsevier}
}

@article{makni2008fully,
  title={A fully Bayesian approach to the parcel-based detection-estimation of brain activity in fMRI},
  author={Makni, Salima and Idier, J{\'e}r{\^o}me and Vincent, Thomas and Thirion, Bertrand and Dehaene-Lambertz, Ghislaine and Ciuciu, Philippe},
  journal={Neuroimage},
  volume={41},
  number={3},
  pages={941--969},
  year={2008},
  publisher={Elsevier}
}

@article{mumford2012deconvolving,
  title={Deconvolving BOLD activation in event-related designs for multivoxel pattern classification analyses},
  author={Mumford, Jeanette A and Turner, Benjamin O and Ashby, F Gregory and Poldrack, Russell A},
  journal={Neuroimage},
  volume={59},
  number={3},
  pages={2636--2643},
  year={2012},
  publisher={Elsevier}
}

@article{adrian2018complex,
  title={Complex-valued time series modeling for improved activation detection in fMRI studies},
  author={Adrian, Daniel W and Maitra, Ranjan and Rowe, Daniel B},
  journal={The annals of applied statistics},
  volume={12},
  number={3},
  pages={1451},
  year={2018},
  publisher={NIH Public Access}
}

@article{lindquist2008statistical,
  title={The statistical analysis of fMRI data},
  author={Lindquist, Martin A},
  volume = {23},
  journal = {Statistical Science},
  number = {4},
  publisher = {Institute of Mathematical Statistics},
  pages = {439 -- 464},
  doi = {10.1214/09-STS282},
  year={2008}
}

@article{gelman2002prior,
  title={Prior distribution},
  author={Gelman, Andrew},
  journal={Encyclopedia of environmetrics},
  volume={3},
  number={4},
  pages={1634--1637},
  year={2002},
  publisher={Citeseer}
}

@article{nmeth2020scipy,
  author  = {Virtanen, Pauli and Gommers, Ralf and Oliphant, Travis E. and
            Haberland, Matt and Reddy, Tyler and Cournapeau, David and
            Burovski, Evgeni and Peterson, Pearu and Weckesser, Warren and
            Bright, Jonathan and {van der Walt}, St{\'e}fan J. and
            Brett, Matthew and Wilson, Joshua and Millman, K. Jarrod and
            Mayorov, Nikolay and Nelson, Andrew R. J. and Jones, Eric and
            Kern, Robert and Larson, Eric and Carey, C J and
            Polat, {\.I}lhan and Feng, Yu and Moore, Eric W. and
            {VanderPlas}, Jake and Laxalde, Denis and Perktold, Josef and
            Cimrman, Robert and Henriksen, Ian and Quintero, E. A. and
            Harris, Charles R. and Archibald, Anne M. and
            Ribeiro, Ant{\^o}nio H. and Pedregosa, Fabian and
            {van Mulbregt}, Paul and {SciPy 1.0 Contributors}},
  title   = {{{SciPy} 1.0: Fundamental Algorithms for Scientific
            Computing in Python}},
  journal = {Nature Methods},
  year    = {2020},
  volume  = {17},
  pages   = {261--272},
  adsurl  = {https://rdcu.be/b08Wh},
  doi     = {10.1038/s41592-019-0686-2},
}

@article{garg2016quality,
  title={A quality-aware Energy-scalable Gaussian Smoothing Filter for image processing applications},
  author={Garg, Bharat and Sharma, GK},
  journal={Microprocessors and Microsystems},
  volume={45},
  pages={1--9},
  year={2016},
  publisher={Elsevier}
}

@article{nadarajah2004beta,
  title={The beta Gumbel distribution},
  author={Nadarajah, Saralees and Kotz, Samuel and others},
  journal={Mathematical Problems in engineering},
  volume={2004},
  pages={323--332},
  year={2004},
  publisher={Hindawi}
}

@book{david2004order,
  title={Order statistics},
  author={David, Herbert A and Nagaraja, Haikady N},
  year={2004},
  publisher={John Wiley \& Sons}
}

@article{burkardt2014truncated,
  title={The truncated normal distribution},
  author={Burkardt, John},
  journal={Department of Scientific Computing Website, Florida State University},
  volume={1},
  pages={35},
  year={2014}
}

@book{stone2013bayes,
  title={Bayes' rule: a tutorial introduction to Bayesian analysis},
  author={Stone, James V},
  year={2013},
  publisher={Sebtel Press}
}

@article{fornacon2022understanding,
  title={Understanding the differences between Bayesian and frequentist statistics},
  author={Fornacon-Wood, Isabella and Mistry, Hitesh and Johnson-Hart, Corinne and Faivre-Finn, Corinne and O'Connor, James PB and Price, Gareth J},
  journal={International journal of radiation oncology, biology, physics},
  volume={112},
  number={5},
  pages={1076--1082},
  year={2022},
  publisher={Elsevier}
}

@book{bolstad2016introduction,
  title={Introduction to Bayesian statistics},
  author={Bolstad, William M and Curran, James M},
  year={2016},
  publisher={John Wiley \& Sons}
}

@article{christopher2008applications,
  title={Applications of real-time fMRI},
  author={Christopher deCharms, R},
  journal={Nature Reviews Neuroscience},
  volume={9},
  number={9},
  pages={720--729},
  year={2008},
  publisher={Nature Publishing Group UK London}
}

@article{gaillard2003developmental,
  title={Developmental aspects of language processing: fMRI of verbal fluency in children and adults},
  author={Gaillard, William D and Sachs, Bonnie C and Whitnah, Joseph R and Ahmad, Zaaira and Balsamo, Lyn M and Petrella, Jeffrey R and Braniecki, Suzanne H and McKinney, Christopher M and Hunter, Kevin and Xu, Ben and others},
  journal={Human brain mapping},
  volume={18},
  number={3},
  pages={176--185},
  year={2003},
  publisher={Wiley Online Library}
}

@article{heekeren2003fmri,
  title={An fMRI study of simple ethical decision-making},
  author={Heekeren, Hauke R and Wartenburger, Isabell and Schmidt, Helge and Schwintowski, Hans-Peter and Villringer, Arno},
  journal={Neuroreport},
  volume={14},
  number={9},
  pages={1215--1219},
  year={2003},
  publisher={LWW}
}

@article{siegle2006use,
  title={Use of FMRI to predict recovery from unipolar depression with cognitive behavior therapy},
  author={Siegle, Greg J and Carter, Cameron S and Thase, Michael E},
  journal={American Journal of Psychiatry},
  volume={163},
  number={4},
  pages={735--738},
  year={2006},
  publisher={Am Psychiatric Assoc}
}

@article{strappini2017adaptive,
  title={Adaptive smoothing based on Gaussian processes regression increases the sensitivity and specificity of fMRI data},
  author={Strappini, Francesca and Gilboa, Elad and Pitzalis, Sabrina and Kay, Kendrick and McAvoy, Mark and Nehorai, Arye and Snyder, Abraham Z},
  journal={Human brain mapping},
  volume={38},
  number={3},
  pages={1438--1459},
  year={2017},
  publisher={Wiley Online Library}
}

@article{josephs1997event,
  title={Event-related f MRI},
  author={Josephs, Oliver and Turner, Robert and Friston, Karl},
  journal={Human brain mapping},
  volume={5},
  number={4},
  pages={243--248},
  year={1997},
  publisher={Wiley Online Library}
}

@article{worsley1995analysis,
  title={Analysis of fMRI time-series revisitedâ€”again},
  author={Worsley, Keith J and Friston, Karl J},
  journal={Neuroimage},
  volume={2},
  number={3},
  pages={173--181},
  year={1995},
  publisher={Elsevier}
}

@article{woolrich2012years,
title = {Bayesian inference in FMRI},
journal = {NeuroImage},
volume = {62},
number = {2},
pages = {801-810},
year = {2012},
note = {20 YEARS OF fMRI},
issn = {1053-8119},
doi = {https://doi.org/10.1016/j.neuroimage.2011.10.047},
url = {https://www.sciencedirect.com/science/article/pii/S1053811911012110},
author = {Mark W. Woolrich},
keywords = {fMRI, Bayes, Inference, Statistics, Probability, Priors},
abstract = {Bayesian inference has taken FMRI methods research into areas that frequentist statistics have struggled to reach. In this article we will consider some of the early forays into Bayes and what motivated its use. We shall see the impact that Bayes has had on haemodynamic modelling, spatial modelling, group analysis, model selection and brain connectivity analysis; and consider how these advancements have spun-off into related areas of neuroscience and some of the challenges that remain. Bayes has brought to the table inference flexibility, incorporation of prior information, adaptive regularisation and model selection. But perhaps more important than these things, is the ability of Bayes to empower the methods researcher with a mathematically principled framework for inferring on any model.}
}

@article{worsley1996searching,
  title={Searching scale space for activation in PET images},
  author={Worsley, Keith J and Marrett, S and Neelin, P and Evans, AC},
  journal={Human brain mapping},
  volume={4},
  number={1},
  pages={74--90},
  year={1996},
  publisher={Wiley Online Library}
}

@article{costa2021further,
  title={Further generalizations of the Jaccard index},
  author={Costa, Luciano da F},
  journal={arXiv preprint arXiv:2110.09619},
  year={2021}
}

@article{lindquist2010adaptive,
  title={Adaptive spatial smoothing of fMRI images},
  author={Lindquist, Martin A and Loh, Ji Meng and Yue, Yu Ryan},
  journal={Statistics and its Interface},
  volume={3},
  number={1},
  pages={3--13},
  year={2010},
  publisher={International Press of Boston}
}

@INPROCEEDINGS{schreiter2010two,
  author={Schreiter, Thomas and van Lint, Hans and Treiber, Martin and Hoogendoorn, Serge},
  booktitle={13th International IEEE Conference on Intelligent Transportation Systems}, 
  title={Two fast implementations of the Adaptive Smoothing Method used in highway traffic state estimation}, 
  year={2010},
  volume={},
  number={},
  pages={1202-1208},
  keywords={Correlation;Manganese},
  doi={10.1109/ITSC.2010.5625139}}


@article{liu2017functional,
  title={Functional overestimation due to spatial smoothing of fMRI data},
  author={Liu, Peng and Calhoun, Vince and Chen, Zikuan},
  journal={Journal of neuroscience methods},
  volume={291},
  pages={1--12},
  year={2017},
  publisher={Elsevier}
}

@article{mikl2008effects,
  title={Effects of spatial smoothing on fMRI group inferences},
  author={Mikl, Michal and Mare{\v{c}}ek, Radek and Hlu{\v{s}}t{\'\i}k, Petr and Pavlicov{\'a}, Martina and Drastich, Ale{\v{s}} and Chlebus, Pavel and Br{\'a}zdil, Milan and Krupa, Petr},
  journal={Magnetic resonance imaging},
  volume={26},
  number={4},
  pages={490--503},
  year={2008},
  publisher={Elsevier}
}

@article{triantafyllou2006effect,
  title={Effect of spatial smoothing on physiological noise in high-resolution fMRI},
  author={Triantafyllou, Christina and Hoge, Richard D and Wald, Lawrence L},
  journal={Neuroimage},
  volume={32},
  number={2},
  pages={551--557},
  year={2006},
  publisher={Elsevier}
}

@article{tabelow2006analyzing,
  title={Analyzing fMRI experiments with structural adaptive smoothing procedures},
  author={Tabelow, Karsten and Polzehl, Joerg and Voss, Henning U and Spokoiny, Vladimir},
  journal={NeuroImage},
  volume={33},
  number={1},
  pages={55--62},
  year={2006},
  publisher={Elsevier}
}

@article{lee1983digital,
  title={Digital image smoothing and the sigma filter},
  author={Lee, Jong-Sen},
  journal={Computer vision, graphics, and image processing},
  volume={24},
  number={2},
  pages={255--269},
  year={1983},
  publisher={Elsevier}
}

@article{shamir2019continuous,
  title={Continuous dice coefficient: a method for evaluating probabilistic segmentations},
  author={Shamir, Reuben R and Duchin, Yuval and Kim, Jinyoung and Sapiro, Guillermo and Harel, Noam},
  journal={arXiv preprint arXiv:1906.11031},
  year={2019}
}

@article{chicco2020advantages,
  title={The advantages of the Matthews correlation coefficient (MCC) over F1 score and accuracy in binary classification evaluation},
  author={Chicco, Davide and Jurman, Giuseppe},
  journal={BMC genomics},
  volume={21},
  number={1},
  pages={1--13},
  year={2020},
  publisher={BioMed Central}
}

@article{eelbode2020optimization,
  title={Optimization for medical image segmentation: theory and practice when evaluating with dice score or jaccard index},
  author={Eelbode, Tom and Bertels, Jeroen and Berman, Maxim and Vandermeulen, Dirk and Maes, Frederik and Bisschops, Raf and Blaschko, Matthew B},
  journal={IEEE Transactions on Medical Imaging},
  volume={39},
  number={11},
  pages={3679--3690},
  year={2020},
  publisher={IEEE}
}

@article{eickhoff2016behavior,
  title={Behavior, sensitivity, and power of activation likelihood estimation characterized by massive empirical simulation},
  author={Eickhoff, Simon B and Nichols, Thomas E and Laird, Angela R and Hoffstaedter, Felix and Amunts, Katrin and Fox, Peter T and Bzdok, Danilo and Eickhoff, Claudia R},
  journal={Neuroimage},
  volume={137},
  pages={70--85},
  year={2016},
  publisher={Elsevier}
}

@article{kriegeskorte2010everything,
  title={Everything you never wanted to know about circular analysis, but were afraid to ask},
  author={Kriegeskorte, Nikolaus and Lindquist, Martin A and Nichols, Thomas E and Poldrack, Russell A and Vul, Edward},
  journal={Journal of Cerebral Blood Flow \& Metabolism},
  volume={30},
  number={9},
  pages={1551--1557},
  year={2010},
  publisher={SAGE Publications Sage UK: London, England}
}

@article{friston2002classical,
  title={Classical and Bayesian inference in neuroimaging: applications},
  author={Friston, Karl J and Glaser, Daniel E and Henson, Richard NA and Kiebel, S and Phillips, Christophe and Ashburner, John},
  journal={Neuroimage},
  volume={16},
  number={2},
  pages={484--512},
  year={2002},
  publisher={Elsevier}
}

@article{rosazza2011resting,
  title={Resting-state brain networks: literature review and clinical applications},
  author={Rosazza, Cristina and Minati, Ludovico},
  journal={Neurological sciences},
  volume={32},
  pages={773--785},
  year={2011},
  publisher={Springer}
}

@article{johnson2006activation,
  title={Activation of brain regions vulnerable to Alzheimer's disease: the effect of mild cognitive impairment},
  author={Johnson, SC and Schmitz, TW and Moritz, CH and Meyerand, ME and Rowley, HA and Alexander, AL and Hansen, KW and Gleason, CE and Carlsson, CM and Ries, ML and others},
  journal={Neurobiology of aging},
  volume={27},
  number={11},
  pages={1604--1612},
  year={2006},
  publisher={Elsevier}
}

@article{poline2012general,
  title={The general linear model and fMRI: does love last forever?},
  author={Poline, Jean-Baptiste and Brett, Matthew},
  journal={Neuroimage},
  volume={62},
  number={2},
  pages={871--880},
  year={2012},
  publisher={Elsevier}
}

@article{ardekani1999activation,
  title={Activation detection in functional MRI using subspace modeling and maximum likelihood estimation},
  author={Ardekani, Babak A and Kershaw, Jeff and Kashikura, Kenichi and Kanno, Iwao},
  journal={IEEE Transactions on Medical Imaging},
  volume={18},
  number={2},
  pages={101--114},
  year={1999},
  publisher={IEEE}
}

@article{mejia2019bayesian,
  title={A Bayesian general linear modeling approach to cortical surface fMRI data analysis},
  author={Mejia, Amanda F and Yue, Yu Ryan and Bolin, David and Lindgren, Finn and Lindquist, Martin A},
  journal={Journal of the American Statistical Association},
  year={2019},
  publisher={Taylor \& Francis}
}

@book{kiebel2007general,
  title={The general linear model},
  author={Kiebel, S and Holmes, A},
  volume={8},
  year={2007},
  publisher={chapter}
}

@article{monti2011statistical,
  title={Statistical analysis of fMRI time-series: a critical review of the GLM approach},
  author={Monti, Martin M},
  journal={Frontiers in human neuroscience},
  volume={5},
  pages={28},
  year={2011},
  publisher={Frontiers Research Foundation}
}

@article{friston1995analysis,
  title={Analysis of fMRI time-series revisited},
  author={Friston, Karl J and Holmes, Andrew P and Poline, JB and Grasby, PJ and Williams, SCR and Frackowiak, Richard SJ and Turner, Robert},
  journal={Neuroimage},
  volume={2},
  number={1},
  pages={45--53},
  year={1995},
  publisher={Elsevier}
}

@article{mitsis2008regions,
  title={Regions of interest analysis in pharmacological fMRI: how do the definition criteria influence the inferred result?},
  author={Mitsis, Georgios D and Iannetti, Gian Domenico and Smart, Trevor S and Tracey, Irene and Wise, Richard G},
  journal={Neuroimage},
  volume={40},
  number={1},
  pages={121--132},
  year={2008},
  publisher={Elsevier}
}

@article{poldrack2007region,
  title={Region of interest analysis for fMRI},
  author={Poldrack, Russell A},
  journal={Social cognitive and affective neuroscience},
  volume={2},
  number={1},
  pages={67--70},
  year={2007},
  publisher={Oxford University Press}
}

@article{peer2016intensity,
  title={Intensity-based masking: A tool to improve functional connectivity results of resting-state fMRI},
  author={Peer, Michael and Abboud, Sami and Hertz, Uri and Amedi, Amir and Arzy, Shahar},
  journal={Human brain mapping},
  volume={37},
  number={7},
  pages={2407--2418},
  year={2016},
  publisher={Wiley Online Library}
}

@article{bren2015discovery,
  title={Discovery of the magnetic behavior of hemoglobin: A beginning of bioinorganic chemistry},
  author={Bren, Kara L and Eisenberg, Richard and Gray, Harry B},
  journal={Proceedings of the National Academy of Sciences},
  volume={112},
  number={43},
  pages={13123--13127},
  year={2015},
  publisher={National Acad Sciences}
}

@article{buxton2012dynamic,
  title={Dynamic models of BOLD contrast},
  author={Buxton, Richard B},
  journal={Neuroimage},
  volume={62},
  number={2},
  pages={953--961},
  year={2012},
  publisher={Elsevier}
}

@article{pauling1936magnetic,
  title={The magnetic properties and structure of hemoglobin, oxyhemoglobin and carbonmonoxyhemoglobin},
  author={Pauling, Linus and Coryell, Charles D},
  journal={Proceedings of the National Academy of Sciences},
  volume={22},
  number={4},
  pages={210--216},
  year={1936},
  publisher={National Acad Sciences}
}

@article{uyuklu2009effect,
  title={Effect of hemoglobin oxygenation level on red blood cell deformability and aggregation parameters},
  author={Uyuklu, Mehmet and Meiselman, Herbert J and Baskurt, Oguz K},
  journal={Clinical hemorheology and microcirculation},
  volume={41},
  number={3},
  pages={179--188},
  year={2009},
  publisher={IOS Press}
}

@article{ruschemeyer2006native,
  title={Native and non-native reading of sentences: An fMRI experiment},
  author={R{\"u}schemeyer, Shirley-Ann and Zysset, Stefan and Friederici, Angela D},
  journal={NeuroImage},
  volume={31},
  number={1},
  pages={354--365},
  year={2006},
  publisher={Elsevier}
}

@article{lindquist2008rapid,
  title={Rapid three-dimensional functional magnetic resonance imaging of the initial negative BOLD response},
  author={Lindquist, Martin A and Zhang, Cun-Hui and Glover, Gary and Shepp, Lawrence},
  journal={Journal of Magnetic Resonance},
  volume={191},
  number={1},
  pages={100--111},
  year={2008},
  publisher={Elsevier}
}

@article{davis2014differences,
  title={What do differences between multi-voxel and univariate analysis mean? How subject-, voxel-, and trial-level variance impact fMRI analysis},
  author={Davis, Tyler and LaRocque, Karen F and Mumford, Jeanette A and Norman, Kenneth A and Wagner, Anthony D and Poldrack, Russell A},
  journal={Neuroimage},
  volume={97},
  pages={271--283},
  year={2014},
  publisher={Elsevier}
}

@article{mahmoudi2012multivoxel,
  title={Multivoxel pattern analysis for FMRI data: a review},
  author={Mahmoudi, Abdelhak and Takerkart, Sylvain and Regragui, Fakhita and Boussaoud, Driss and Brovelli, Andrea and others},
  journal={Computational and mathematical methods in medicine},
  volume={2012},
  year={2012},
  publisher={Hindawi}
}

@article{li2009voxel,
  title={Voxel selection in fMRI data analysis based on sparse representation},
  author={Li, Yuanqing and Namburi, Praneeth and Yu, Zhuliang and Guan, Cuntai and Feng, Jianfeng and Gu, Zhenghui},
  journal={IEEE Transactions on Biomedical Engineering},
  volume={56},
  number={10},
  pages={2439--2451},
  year={2009},
  publisher={IEEE}
}

@book{hashemi2012mri,
  title={MRI: the basics: The Basics},
  author={Hashemi, Ray Hashman and Bradley, William G and Lisanti, Christopher J},
  year={2012},
  publisher={Lippincott Williams \& Wilkins}
}

@article{smith2004overview,
  title={Overview of fMRI analysis},
  author={Smith, Stephen M},
  journal={The British Journal of Radiology},
  volume={77},
  number={suppl\_2},
  pages={S167--S175},
  year={2004},
  publisher={British Institute of Radiology}
}

@article{guven2023brain,
  title={Brain MRI high resolution image creation and segmentation with the new GAN method},
  author={G{\"u}ven, Sara Altun and Talu, Muhammed Fatih},
  journal={Biomedical Signal Processing and Control},
  volume={80},
  pages={104246},
  year={2023},
  publisher={Elsevier}
}

@article{berger2002does,
  title={How does it work?: Magnetic resonance imaging},
  author={Berger, Abi},
  journal={BMJ: British Medical Journal},
  volume={324},
  number={7328},
  pages={35},
  year={2002},
  publisher={BMJ Publishing Group}
}

@article{bernardo1994bayesian,
  title={Bayesian theory wiley},
  author={Bernardo, Jose M and Smith, Adrian FM},
  journal={New York},
  volume={49},
  year={1994}
}

@article{woolrich2004multilevel,
  title={Multilevel linear modelling for FMRI group analysis using Bayesian inference},
  author={Woolrich, Mark W and Behrens, Timothy EJ and Beckmann, Christian F and Jenkinson, Mark and Smith, Stephen M},
  journal={Neuroimage},
  volume={21},
  number={4},
  pages={1732--1747},
  year={2004},
  publisher={Elsevier}
}

@article{magerkurth2015objective,
  title={Objective Bayesian fMRI analysisâ€”a pilot study in different clinical environments},
  author={Magerkurth, Joerg and Mancini, Laura and Penny, William and Flandin, Guillaume and Ashburner, John and Micallef, Caroline and De Vita, Enrico and Daga, Pankaj and White, Mark J and Buckley, Craig and others},
  journal={Frontiers in Neuroscience},
  volume={9},
  pages={168},
  year={2015},
  publisher={Frontiers Media SA}
}

@article{woolrich2012bayesian,
  title={Bayesian inference in FMRI},
  author={Woolrich, Mark W},
  journal={NeuroImage},
  volume={62},
  number={2},
  pages={801--810},
  year={2012},
  publisher={Elsevier}
}

@article{casella2002statistical,
  title={Statistical Inference Duxbury Press},
  author={Casella, George and Berger, Roger L},
  journal={Pacific Grove, CA.[Google Scholar]},
  year={2002}
}

@article{fisher1936statistical,
  title={Statistical methods for research workers.},
  author={Fisher, Ronald Aylmer and others},
  journal={Statistical methods for research workers.},
  number={6th Ed},
  year={1936},
  publisher={Oliver and Boyd, Edinburgh and London.}
}

@book{wand1994kernel,
  title={Kernel smoothing},
  author={Wand, Matt P and Jones, M Chris},
  year={1994},
  publisher={CRC press}
}

@article{lee2013resting,
  title={Resting-state fMRI: a review of methods and clinical applications},
  author={Lee, Megan H and Smyser, Christopher D and Shimony, Joshua S},
  journal={American Journal of neuroradiology},
  volume={34},
  number={10},
  pages={1866--1872},
  year={2013},
  publisher={Am Soc Neuroradiology}
}

@article{arthurs2002well,
  title={How well do we understand the neural origins of the fMRI BOLD signal?},
  author={Arthurs, Owen J and Boniface, Simon},
  journal={TRENDS in Neurosciences},
  volume={25},
  number={1},
  pages={27--31},
  year={2002},
  publisher={Elsevier}
}

@article{gur2002fmri,
  title={An fMRI study of facial emotion processing in patients with schizophrenia},
  author={Gur, Raquel E and McGrath, Claire and Chan, Robin M and Schroeder, Lee and Turner, Travis and Turetsky, Bruce I and Kohler, Christian and Alsop, David and Maldjian, Joseph and Ragland, J Daniel and others},
  journal={American Journal of Psychiatry},
  volume={159},
  number={12},
  pages={1992--1999},
  year={2002},
  publisher={Am Psychiatric Assoc}
}

@article{britton2013response,
  title={Response to learned threat: An fMRI study in adolescent and adult anxiety},
  author={Britton, Jennifer C and Grillon, Christian and Lissek, Shmuel and Norcross, Maxine A and Szuhany, Kristin L and Chen, Gang and Ernst, Monique and Nelson, Eric E and Leibenluft, Ellen and Shechner, Tomer and others},
  journal={American Journal of Psychiatry},
  volume={170},
  number={10},
  pages={1195--1204},
  year={2013},
  publisher={Am Psychiatric Assoc}
}

@article{golby2005memory,
  title={Memory encoding in Alzheimer's disease: an fMRI study of explicit and implicit memory},
  author={Golby, Alexandra and Silverberg, Gerald and Race, Elizabeth and Gabrieli, Susan and O'Shea, James and Knierim, Kyle and Stebbins, Glenn and Gabrieli, John},
  journal={Brain},
  volume={128},
  number={4},
  pages={773--787},
  year={2005},
  publisher={Oxford University Press}
}

@article{buchbinder2016functional,
  title={Functional magnetic resonance imaging},
  author={Buchbinder, Bradley R},
  journal={Handbook of clinical neurology},
  volume={135},
  pages={61--92},
  year={2016},
  publisher={Elsevier}
}

@article{welvaert2013definition,
  title={On the definition of signal-to-noise ratio and contrast-to-noise ratio for fMRI data},
  author={Welvaert, Marijke and Rosseel, Yves},
  journal={PloS one},
  volume={8},
  number={11},
  pages={e77089},
  year={2013},
  publisher={Public Library of Science San Francisco, USA}
}

@article{jaccard1901etude,
  title={{\'E}tude comparative de la distribution florale dans une portion des Alpes et des Jura},
  author={Jaccard, Paul},
  journal={Bull Soc Vaudoise Sci Nat},
  volume={37},
  pages={547--579},
  year={1901}
}

@article{maitra2010re,
  title={A re-defined and generalized percent-overlap-of-activation measure for studies of fMRI reproducibility and its use in identifying outlier activation maps},
  author={Maitra, Ranjan},
  journal={Neuroimage},
  volume={50},
  number={1},
  pages={124--135},
  year={2010},
  publisher={Elsevier}
}

@book{westbrook2018mri,
  title={MRI in Practice},
  author={Westbrook, Catherine and Talbot, John},
  year={2018},
  publisher={John Wiley \& Sons}
}

@article{logothetis2008we,
  title={What we can do and what we cannot do with fMRI},
  author={Logothetis, Nikos K},
  journal={Nature},
  volume={453},
  number={7197},
  pages={869--878},
  year={2008},
  publisher={Nature Publishing Group UK London}
}

@article{norman2006beyond,
  title={Beyond mind-reading: multi-voxel pattern analysis of fMRI data},
  author={Norman, Kenneth A and Polyn, Sean M and Detre, Greg J and Haxby, James V},
  journal={Trends in cognitive sciences},
  volume={10},
  number={9},
  pages={424--430},
  year={2006},
  publisher={Elsevier}
}

@article{logothetis2004nature,
  title={On the nature of the BOLD fMRI contrast mechanism},
  author={Logothetis, Nikos K and Pfeuffer, Josef},
  journal={Magnetic resonance imaging},
  volume={22},
  number={10},
  pages={1517--1531},
  year={2004},
  publisher={Elsevier}
}

@article{almodovar2019fast,
  title={Fast adaptive smoothing and thresholding for improved activation detection in low-signal fMRI},
  author={Almod{\'o}var-Rivera, Israel and Maitra, Ranjan},
  journal={IEEE Transactions on Medical Imaging},
  volume={38},
  number={12},
  pages={2821--2828},
  year={2019},
  publisher={IEEE}
}

@article{abraham2014machine,
  title={Machine learning for neuroimaging with scikit-learn},
  author={Abraham, Alexandre and Pedregosa, Fabian and Eickenberg, Michael and Gervais, Philippe and Mueller, Andreas and Kossaifi, Jean and Gramfort, Alexandre and Thirion, Bertrand and Varoquaux, Ga{\"e}l},
  journal={Frontiers in neuroinformatics},
  volume={8},
  pages={14},
  year={2014},
  publisher={Frontiers}
}

@article{lai1999novel,
  title={A novel local PCA-based method for detecting activation signals in fMRI},
  author={Lai, Shang-Hong and Fang, Ming},
  journal={Magnetic resonance imaging},
  volume={17},
  number={6},
  pages={827--836},
  year={1999},
  publisher={Elsevier}
}

@article{orchard2003simultaneous,
  title={Simultaneous registration and activation detection for fMRI},
  author={Orchard, Jeff and Greif, Chen and Golub, Gene H and Bjornson, Bruce and Atkins, M Stella},
  journal={IEEE transactions on medical imaging},
  volume={22},
  number={11},
  pages={1427--1435},
  year={2003},
  publisher={IEEE}
}

@article{deneux2006using,
  title={Using nonlinear models in fMRI data analysis: model selection and activation detection},
  author={Deneux, Thomas and Faugeras, Olivier},
  journal={NeuroImage},
  volume={32},
  number={4},
  pages={1669--1689},
  year={2006},
  publisher={Elsevier}
}

@article{terenin2017noninformative,
  title={A noninformative prior on a space of distribution functions},
  author={Terenin, Alexander and Draper, David},
  journal={Entropy},
  volume={19},
  number={8},
  pages={391},
  year={2017},
  publisher={MDPI}
}

@article{perez2002expected,
  title={Expected-posterior prior distributions for model selection},
  author={P{\'e}rez, Jos{\'e} M and Berger, James O},
  journal={Biometrika},
  volume={89},
  number={3},
  pages={491--512},
  year={2002},
  publisher={Oxford University Press}
}

@article{kass1996formal,
  title={Formal rules for selecting prior distributions: A review and annotated bibliography},
  author={Kass, Robert E and Wasserman, Larry},
  journal={Journal of the American Statistical Association},
  volume={435},
  pages={1343--1370},
  year={1996},
  publisher={Citeseer}
}

@book{bolstad2009understanding,
  title={Understanding computational Bayesian statistics},
  author={Bolstad, William M},
  volume={644},
  year={2009},
  publisher={John Wiley \& Sons}
}

@inproceedings{seabold2010statsmodels,
  title={Statsmodels: Econometric and statistical modeling with python},
  author={Seabold, Skipper and Perktold, Josef},
  booktitle={9th Python in Science Conference},
  year={2010},
}

@book{donovan2019bayesian,
  title={Bayesian Statistics for Beginners: a step-by-step approach},
  author={Donovan, Therese M and Mickey, Ruth M},
  year={2019},
  publisher={Oxford University Press, USA}
}

@article{bayarri2004interplay,
  title={The interplay of Bayesian and frequentist analysis},
  author={Bayarri, M J{\'e}sus and Berger, James O},
  journal={Statistical Science},
  year={2004}
}

@article{corander2008bayesian,
  title={Bayesian spatial modeling of genetic population structure},
  author={Corander, Jukka and Sir{\'e}n, Jukka and Arjas, Elja},
  journal={Computational Statistics},
  volume={23},
  pages={111--129},
  year={2008},
  publisher={Springer}
}

@article{riebler2016intuitive,
  title={An intuitive Bayesian spatial model for disease mapping that accounts for scaling},
  author={Riebler, Andrea and S{\o}rbye, Sigrunn H and Simpson, Daniel and Rue, H{\aa}vard},
  journal={Statistical methods in medical research},
  volume={25},
  number={4},
  pages={1145--1165},
  year={2016},
  publisher={Sage Publications Sage UK: London, England}
}

@article{rosen2001bayesian,
  title={Bayesian and frequentist inference for ecological inference: The R$\times$ C case},
  author={Rosen, Ori and Jiang, Wenxin and King, Gary and Tanner, Martin A},
  journal={Statistica Neerlandica},
  volume={55},
  number={2},
  pages={134--156},
  year={2001},
  publisher={Wiley Online Library}
}

@article{hossein2003activation,
  title={Activation detection in fMRI using a maximum energy ratio statistic obtained by adaptive spatial filtering},
  author={Hossein-Zadeh, G-A and Ardekani, Babak A and Soltanian-Zadeh, Hamid},
  journal={IEEE transactions on medical imaging},
  volume={22},
  number={7},
  pages={795--805},
  year={2003},
  publisher={IEEE}
}

@article{van2021bayesian,
  title={Bayesian statistics and modelling},
  author={van de Schoot, Rens and Depaoli, Sarah and King, Ruth and Kramer, Bianca and M{\"a}rtens, Kaspar and Tadesse, Mahlet G and Vannucci, Marina and Gelman, Andrew and Veen, Duco and Willemsen, Joukje and others},
  journal={Nature Reviews Methods Primers},
  volume={1},
  number={1},
  pages={1},
  year={2021},
  publisher={Nature Publishing Group UK London}
}

@article{worsley2002general,
  title={A general statistical analysis for fMRI data},
  author={Worsley, Keith J and Liao, Chien Heng and Aston, John and Petre, V and Duncan, GH and Morales, F and Evans, Alan C},
  journal={Neuroimage},
  volume={15},
  number={1},
  pages={1--15},
  year={2002},
  publisher={Elsevier}
}

@article{friston1994statistical,
  title={Statistical parametric maps in functional imaging: a general linear approach},
  author={Friston, Karl J and Holmes, Andrew P and Worsley, Keith J and Poline, J-P and Frith, Chris D and Frackowiak, Richard SJ},
  journal={Human brain mapping},
  volume={2},
  number={4},
  pages={189--210},
  year={1994},
  publisher={Wiley Online Library}
}

@book{johnson1995continuous,
  title={Continuous univariate distributions, volume 2},
  author={Johnson, Norman L and Kotz, Samuel and Balakrishnan, Narayanaswamy},
  volume={289},
  year={1995},
  publisher={John wiley \& sons}
}

@article{luo2003diagnosis,
  title={Diagnosis and exploration of massively univariate neuroimaging models},
  author={Luo, Wen-Lin and Nichols, Thomas E},
  journal={NeuroImage},
  volume={19},
  number={3},
  pages={1014--1032},
  year={2003},
  publisher={Elsevier}
}

@article{beckmann2003general,
  title={General multilevel linear modeling for group analysis in FMRI},
  author={Beckmann, Christian F and Jenkinson, Mark and Smith, Stephen M},
  journal={Neuroimage},
  volume={20},
  number={2},
  pages={1052--1063},
  year={2003},
  publisher={Elsevier}
}

@article{mclntosh1994structural,
  title={Structural equation modeling and its application to network analysis in functional brain imaging},
  author={Mclntosh, AR and Gonzalez-Lima, Francisco},
  journal={Human brain mapping},
  volume={2},
  number={1-2},
  pages={2--22},
  year={1994},
  publisher={Wiley Online Library}
}

@article{poline1997combining,
  title={Combining spatial extent and peak intensity to test for activations in functional imaging},
  author={Poline, Jean-Baptiste and Worsley, Keith J and Evans, Alan C and Friston, Karl J},
  journal={Neuroimage},
  volume={5},
  number={2},
  pages={83--96},
  year={1997},
  publisher={Elsevier}
}

@book{penny2011statistical,
  title={Statistical parametric mapping: the analysis of functional brain images},
  author={Penny, William D and Friston, Karl J and Ashburner, John T and Kiebel, Stefan J and Nichols, Thomas E},
  year={2011},
  publisher={Elsevier}
}

@article{friston1996detecting,
  title={Detecting activations in PET and fMRI: levels of inference and power},
  author={Friston, Karl J and Holmes, Andrew and Poline, Jean-Baptiste and Price, Cathy J and Frith, Christopher D},
  journal={Neuroimage},
  volume={4},
  number={3},
  pages={223--235},
  year={1996},
  publisher={Elsevier}
}

@article{willie2014integrative,
  title={Integrative regulation of human brain blood flow},
  author={Willie, Christopher K and Tzeng, Yu-Chieh and Fisher, Joseph A and Ainslie, Philip N},
  journal={The Journal of physiology},
  volume={592},
  number={5},
  pages={841--859},
  year={2014},
  publisher={Wiley Online Library}
}

@book{de2013evolution,
  title={Evolution, Money, War, and Computers: Non-Traditional Applications of Computational Statistical Physics},
  author={de Oliveira, Paulo Murilo C and Stauffer, Dietrich},
  volume={34},
  year={2013},
  publisher={Springer Science \& Business Media}
}

@article{radiation2,
author = {L\'opez, A.M. and Soderstrom, K.G.},
title = {Insolation in {P}uerto {R}ico},
journal = {Journal of Solar Energy Engineering},
year = {1983},
volume = {},
number = {},
pages = {},
}

@article{einstein,
    author = "Albert Einstein",
    title = "{Zur Elektrodynamik bewegter K{\"o}rper}. ({German})
    [{On} the electrodynamics of moving bodies]",
    journal = "Annalen der Physik",
    volume = "322",
    number = "10",
    pages = "891--921",
    year = "1905",
    DOI = "http://dx.doi.org/10.1002/andp.19053221004",
    keywords = "physics"
}

@book{dirac,
    title = {The Principles of Quantum Mechanics},
    author = {Paul Adrien Maurice Dirac},
    isbn = {9780198520115},
    series = {International series of monographs on physics},
    year = {1981},
    publisher = {Clarendon Press},
    keywords = {physics}
}

%for webpage references
@misc{knuthwebsite,
    author = "Donald Knuth",
    title = "Knuth: Computers and Typesetting",
    howpublished  = "http://www-cs-faculty.stanford.edu/~uno/abcde.html",
    note = "(accessed: 01.09.2016)",
    keywords = "latex,knuth"
}

@inbook{knuth-fa,
    author = "Donald E. Knuth",
    title = "Fundamental Algorithms",
    publisher = "Addison-Wesley",
    year = "1973",
    chapter = "1.2",
    keywords  = "knuth,programming"
}