% ____EXAMPLES OF REFERENCE TYPES: Journals, books, webpages, chapters____


@book{gelman2013bayesian,
  title={Bayesian data analysis},
  author={Gelman, Andrew and Carlin, John B and Stern, Hal S and Dunson, David B and Vehtari, Aki and Rubin, Donald B},
  year={2013},
  publisher={CRC press}
}

@article{lindquist2008statistical,
  title={The statistical analysis of fMRI data},
  author={Lindquist, Martin A},
  volume = {23},
  journal = {Statistical Science},
  number = {4},
  publisher = {Institute of Mathematical Statistics},
  pages = {439 -- 464},
  doi = {10.1214/09-STS282},
  year={2008}
}

@article{gelman2002prior,
  title={Prior distribution},
  author={Gelman, Andrew},
  journal={Encyclopedia of environmetrics},
  volume={3},
  number={4},
  pages={1634--1637},
  year={2002},
  publisher={Citeseer}
}

@article{nmeth2020scipy,
  author  = {Virtanen, Pauli and Gommers, Ralf and Oliphant, Travis E. and
            Haberland, Matt and Reddy, Tyler and Cournapeau, David and
            Burovski, Evgeni and Peterson, Pearu and Weckesser, Warren and
            Bright, Jonathan and {van der Walt}, St{\'e}fan J. and
            Brett, Matthew and Wilson, Joshua and Millman, K. Jarrod and
            Mayorov, Nikolay and Nelson, Andrew R. J. and Jones, Eric and
            Kern, Robert and Larson, Eric and Carey, C J and
            Polat, {\.I}lhan and Feng, Yu and Moore, Eric W. and
            {VanderPlas}, Jake and Laxalde, Denis and Perktold, Josef and
            Cimrman, Robert and Henriksen, Ian and Quintero, E. A. and
            Harris, Charles R. and Archibald, Anne M. and
            Ribeiro, Ant{\^o}nio H. and Pedregosa, Fabian and
            {van Mulbregt}, Paul and {SciPy 1.0 Contributors}},
  title   = {{{SciPy} 1.0: Fundamental Algorithms for Scientific
            Computing in Python}},
  journal = {Nature Methods},
  year    = {2020},
  volume  = {17},
  pages   = {261--272},
  adsurl  = {https://rdcu.be/b08Wh},
  doi     = {10.1038/s41592-019-0686-2},
}

@article{garg2016quality,
  title={A quality-aware Energy-scalable Gaussian Smoothing Filter for image processing applications},
  author={Garg, Bharat and Sharma, GK},
  journal={Microprocessors and Microsystems},
  volume={45},
  pages={1--9},
  year={2016},
  publisher={Elsevier}
}

@article{nadarajah2004beta,
  title={The beta Gumbel distribution},
  author={Nadarajah, Saralees and Kotz, Samuel and others},
  journal={Mathematical Problems in engineering},
  volume={2004},
  pages={323--332},
  year={2004},
  publisher={Hindawi}
}

@book{david2004order,
  title={Order statistics},
  author={David, Herbert A and Nagaraja, Haikady N},
  year={2004},
  publisher={John Wiley \& Sons}
}

@article{burkardt2014truncated,
  title={The truncated normal distribution},
  author={Burkardt, John},
  journal={Department of Scientific Computing Website, Florida State University},
  volume={1},
  pages={35},
  year={2014}
}

@book{stone2013bayes,
  title={Bayes' rule: a tutorial introduction to Bayesian analysis},
  author={Stone, James V},
  year={2013},
  publisher={Sebtel Press}
}

@article{fornacon2022understanding,
  title={Understanding the differences between Bayesian and frequentist statistics},
  author={Fornacon-Wood, Isabella and Mistry, Hitesh and Johnson-Hart, Corinne and Faivre-Finn, Corinne and O'Connor, James PB and Price, Gareth J},
  journal={International journal of radiation oncology, biology, physics},
  volume={112},
  number={5},
  pages={1076--1082},
  year={2022},
  publisher={Elsevier}
}

@book{bolstad2016introduction,
  title={Introduction to Bayesian statistics},
  author={Bolstad, William M and Curran, James M},
  year={2016},
  publisher={John Wiley \& Sons}
}

@article{welvaert2013definition,
  title={On the definition of signal-to-noise ratio and contrast-to-noise ratio for fMRI data},
  author={Welvaert, Marijke and Rosseel, Yves},
  journal={PloS one},
  volume={8},
  number={11},
  pages={e77089},
  year={2013},
  publisher={Public Library of Science San Francisco, USA}
}

@article{jaccard1901etude,
  title={{\'E}tude comparative de la distribution florale dans une portion des Alpes et des Jura},
  author={Jaccard, Paul},
  journal={Bull Soc Vaudoise Sci Nat},
  volume={37},
  pages={547--579},
  year={1901}
}

@article{maitra2010re,
  title={A re-defined and generalized percent-overlap-of-activation measure for studies of fMRI reproducibility and its use in identifying outlier activation maps},
  author={Maitra, Ranjan},
  journal={Neuroimage},
  volume={50},
  number={1},
  pages={124--135},
  year={2010},
  publisher={Elsevier}
}

@book{westbrook2018mri,
  title={MRI in Practice},
  author={Westbrook, Catherine and Talbot, John},
  year={2018},
  publisher={John Wiley \& Sons}
}

@article{logothetis2008we,
  title={What we can do and what we cannot do with fMRI},
  author={Logothetis, Nikos K},
  journal={Nature},
  volume={453},
  number={7197},
  pages={869--878},
  year={2008},
  publisher={Nature Publishing Group UK London}
}

@article{norman2006beyond,
  title={Beyond mind-reading: multi-voxel pattern analysis of fMRI data},
  author={Norman, Kenneth A and Polyn, Sean M and Detre, Greg J and Haxby, James V},
  journal={Trends in cognitive sciences},
  volume={10},
  number={9},
  pages={424--430},
  year={2006},
  publisher={Elsevier}
}

@article{logothetis2004nature,
  title={On the nature of the BOLD fMRI contrast mechanism},
  author={Logothetis, Nikos K and Pfeuffer, Josef},
  journal={Magnetic resonance imaging},
  volume={22},
  number={10},
  pages={1517--1531},
  year={2004},
  publisher={Elsevier}
}

@article{almodovar2019fast,
  title={Fast adaptive smoothing and thresholding for improved activation detection in low-signal fMRI},
  author={Almod{\'o}var-Rivera, Israel and Maitra, Ranjan},
  journal={IEEE Transactions on Medical Imaging},
  volume={38},
  number={12},
  pages={2821--2828},
  year={2019},
  publisher={IEEE}
}

@article{abraham2014machine,
  title={Machine learning for neuroimaging with scikit-learn},
  author={Abraham, Alexandre and Pedregosa, Fabian and Eickenberg, Michael and Gervais, Philippe and Mueller, Andreas and Kossaifi, Jean and Gramfort, Alexandre and Thirion, Bertrand and Varoquaux, Ga{\"e}l},
  journal={Frontiers in neuroinformatics},
  volume={8},
  pages={14},
  year={2014},
  publisher={Frontiers}
}

@article{lai1999novel,
  title={A novel local PCA-based method for detecting activation signals in fMRI},
  author={Lai, Shang-Hong and Fang, Ming},
  journal={Magnetic resonance imaging},
  volume={17},
  number={6},
  pages={827--836},
  year={1999},
  publisher={Elsevier}
}

@article{orchard2003simultaneous,
  title={Simultaneous registration and activation detection for fMRI},
  author={Orchard, Jeff and Greif, Chen and Golub, Gene H and Bjornson, Bruce and Atkins, M Stella},
  journal={IEEE transactions on medical imaging},
  volume={22},
  number={11},
  pages={1427--1435},
  year={2003},
  publisher={IEEE}
}

@article{deneux2006using,
  title={Using nonlinear models in fMRI data analysis: model selection and activation detection},
  author={Deneux, Thomas and Faugeras, Olivier},
  journal={NeuroImage},
  volume={32},
  number={4},
  pages={1669--1689},
  year={2006},
  publisher={Elsevier}
}

@article{worsley2002general,
  title={A general statistical analysis for fMRI data},
  author={Worsley, Keith J and Liao, Chien Heng and Aston, John and Petre, V and Duncan, GH and Morales, F and Evans, Alan C},
  journal={Neuroimage},
  volume={15},
  number={1},
  pages={1--15},
  year={2002},
  publisher={Elsevier}
}

@article{friston1994statistical,
  title={Statistical parametric maps in functional imaging: a general linear approach},
  author={Friston, Karl J and Holmes, Andrew P and Worsley, Keith J and Poline, J-P and Frith, Chris D and Frackowiak, Richard SJ},
  journal={Human brain mapping},
  volume={2},
  number={4},
  pages={189--210},
  year={1994},
  publisher={Wiley Online Library}
}

@book{johnson1995continuous,
  title={Continuous univariate distributions, volume 2},
  author={Johnson, Norman L and Kotz, Samuel and Balakrishnan, Narayanaswamy},
  volume={289},
  year={1995},
  publisher={John wiley \& sons}
}

@article{luo2003diagnosis,
  title={Diagnosis and exploration of massively univariate neuroimaging models},
  author={Luo, Wen-Lin and Nichols, Thomas E},
  journal={NeuroImage},
  volume={19},
  number={3},
  pages={1014--1032},
  year={2003},
  publisher={Elsevier}
}

@article{beckmann2003general,
  title={General multilevel linear modeling for group analysis in FMRI},
  author={Beckmann, Christian F and Jenkinson, Mark and Smith, Stephen M},
  journal={Neuroimage},
  volume={20},
  number={2},
  pages={1052--1063},
  year={2003},
  publisher={Elsevier}
}

@article{mclntosh1994structural,
  title={Structural equation modeling and its application to network analysis in functional brain imaging},
  author={Mclntosh, AR and Gonzalez-Lima, Francisco},
  journal={Human brain mapping},
  volume={2},
  number={1-2},
  pages={2--22},
  year={1994},
  publisher={Wiley Online Library}
}

@article{poline1997combining,
  title={Combining spatial extent and peak intensity to test for activations in functional imaging},
  author={Poline, Jean-Baptiste and Worsley, Keith J and Evans, Alan C and Friston, Karl J},
  journal={Neuroimage},
  volume={5},
  number={2},
  pages={83--96},
  year={1997},
  publisher={Elsevier}
}

@book{penny2011statistical,
  title={Statistical parametric mapping: the analysis of functional brain images},
  author={Penny, William D and Friston, Karl J and Ashburner, John T and Kiebel, Stefan J and Nichols, Thomas E},
  year={2011},
  publisher={Elsevier}
}

@article{friston1996detecting,
  title={Detecting activations in PET and fMRI: levels of inference and power},
  author={Friston, Karl J and Holmes, Andrew and Poline, Jean-Baptiste and Price, Cathy J and Frith, Christopher D},
  journal={Neuroimage},
  volume={4},
  number={3},
  pages={223--235},
  year={1996},
  publisher={Elsevier}
}

@article{willie2014integrative,
  title={Integrative regulation of human brain blood flow},
  author={Willie, Christopher K and Tzeng, Yu-Chieh and Fisher, Joseph A and Ainslie, Philip N},
  journal={The Journal of physiology},
  volume={592},
  number={5},
  pages={841--859},
  year={2014},
  publisher={Wiley Online Library}
}

@book{de2013evolution,
  title={Evolution, Money, War, and Computers: Non-Traditional Applications of Computational Statistical Physics},
  author={de Oliveira, Paulo Murilo C and Stauffer, Dietrich},
  volume={34},
  year={2013},
  publisher={Springer Science \& Business Media}
}

@article{radiation2,
author = {L\'opez, A.M. and Soderstrom, K.G.},
title = {Insolation in {P}uerto {R}ico},
journal = {Journal of Solar Energy Engineering},
year = {1983},
volume = {},
number = {},
pages = {},
}

@article{einstein,
    author = "Albert Einstein",
    title = "{Zur Elektrodynamik bewegter K{\"o}rper}. ({German})
    [{On} the electrodynamics of moving bodies]",
    journal = "Annalen der Physik",
    volume = "322",
    number = "10",
    pages = "891--921",
    year = "1905",
    DOI = "http://dx.doi.org/10.1002/andp.19053221004",
    keywords = "physics"
}

@book{dirac,
    title = {The Principles of Quantum Mechanics},
    author = {Paul Adrien Maurice Dirac},
    isbn = {9780198520115},
    series = {International series of monographs on physics},
    year = {1981},
    publisher = {Clarendon Press},
    keywords = {physics}
}

%for webpage references
@misc{knuthwebsite,
    author = "Donald Knuth",
    title = "Knuth: Computers and Typesetting",
    howpublished  = "http://www-cs-faculty.stanford.edu/~uno/abcde.html",
    note = "(accessed: 01.09.2016)",
    keywords = "latex,knuth"
}

@inbook{knuth-fa,
    author = "Donald E. Knuth",
    title = "Fundamental Algorithms",
    publisher = "Addison-Wesley",
    year = "1973",
    chapter = "1.2",
    keywords  = "knuth,programming"
}